<record><leader>00000cas a22000007a 4500</leader><controlfield tag="001">14950081</controlfield><controlfield tag="008">861210d18831uuutxuwr ne      0    0eng d</controlfield><datafield ind1=" " ind2=" " tag="010"><subfield code="a">sn 86090366 </subfield></datafield><datafield ind1=" " ind2=" " tag="040"><subfield code="a">PPM</subfield><subfield code="b">eng</subfield><subfield code="c">PPM</subfield><subfield code="d">NSD</subfield><subfield code="d">OCLCQ</subfield></datafield><datafield ind1=" " ind2=" " tag="042"><subfield code="a">msc</subfield></datafield><datafield ind1="0" ind2="4" tag="245"><subfield code="a">The Whitney messenger.</subfield></datafield><datafield ind1=" " ind2=" " tag="260"><subfield code="a">Whitney, Tex. :</subfield><subfield code="b">H.P. &amp; J.O. Jones</subfield></datafield><datafield ind1=" " ind2=" " tag="300"><subfield code="a">v. :</subfield><subfield code="b">ill. (chiefly advertisements) ;</subfield><subfield code="c">56 cm.</subfield></datafield><datafield ind1=" " ind2=" " tag="310"><subfield code="a">Weekly</subfield></datafield><datafield ind1="1" ind2=" " tag="362"><subfield code="a">Began Nov. 2, 1883.</subfield></datafield><datafield ind1=" " ind2=" " tag="588"><subfield code="a">Description based on: Vol. 1, no. 2 (Nov. 9, 1883).</subfield></datafield><datafield ind1=" " ind2=" " tag="752"><subfield code="a">United States</subfield><subfield code="b">Texas</subfield><subfield code="c">Hill</subfield><subfield code="d">Whitney.</subfield></datafield><datafield ind1="0" ind2="0" tag="785"><subfield code="t">Whitney messenger and Lake Whitney news</subfield><subfield code="x">1072-9593</subfield><subfield code="w">(DLC)sn 93004682</subfield></datafield></record>